@Article{lodhi02,
  author =	 {Huma Lodhi and Craig Saunders and John
                  Shawe-Taylor and Nello Cristianini and Chris
                  Watkins},
  title =	 {{Text Classification using String Kernels}},
  journal =	 {Journal of Machine Learning Research},
  year =	 2002,
  volume =	 2,
  pages =	 {419--444}
}

@InProceedings{ng02,
  author =	 {Andrew Ng and Michael Jordan and Yair Weiss},
  title =	 {{On Spectral Clustering: Analysis and an algorithm}},
  booktitle =	 {NIPS},
  year =	 2002,
  volume =	 14
}

@InProceedings{macqueen67,
  author =	 {J. MacQueen},
  title =	 {{Some Methods for Classification and Analysis of
                  Multivariate Observations}},
  booktitle =	 {Proceedings of the Fifth Berkeley Symposium on
                  Mathematical Statistics and Probability},
  pages =	 {281--297},
  year =	 1967,
  volume =	 1,
  address =	 {Berkeley},
  publisher =	 {University of California Press}
}

@TechReport{dhillon05,
  author =	 {Inderjit Dhillon and Yuqiang Guan and Brian Kulis},
  title =	 {{A Unified view of Kernel k-means, Spectral
                  Clustering and Graph Partitioning}},
  institution =	 {University of Texas at Austin},
  year =	 2005,
  month =	 {February}
}

@Manual{r05,
  title =	 {R: A language and environment for statistical
                  computing},
  author =	 {{R Development Core Team}},
  organization = {R Foundation for Statistical Computing},
  address =	 {Vienna, Austria},
  year =	 2005,
  note =	 {{ISBN} 3-900051-07-0},
  url =		 {http://www.R-project.org}
}

@Misc{lewis97,
  author =	 {David Lewis},
  title =	 {{Reuters-21578 Text Categorization Collection
                  Distribution 1.0}},
  month =	 {September},
  year =	 1997,
  url =
                  {http://kdd.ics.uci.edu/databases/reuters21578/reuters21578.html}
}
