@PhdThesis{Feinerer_2008,
  author =	 {Ingo Feinerer},
  title =	 {A Text Mining Framework in {R} and Its Applications},
  school =	 {Department of Statistics and Mathematics, Vienna
                  University of Economics and Business Administration},
  year =	 2008,
  month =	 oct,
  url =          {http://epub.wu-wien.ac.at/dyn/openURL?id=oai:epub.wu-wien.ac.at:epub-wu-01_e09}
}

@Article{Feinerer_etal_2008,
  author =	 {Ingo Feinerer and Kurt Hornik and David Meyer},
  title =	 {Text Mining Infrastructure in {R}},
  journal =	 {Journal of Statistical Software},
  volume =	 25,
  number =	 5,
  pages =	 {1--54},
  month =	 {March},
  year =	 2008,
  issn =	 {1548-7660},
  coden =	 {JSSOBK},
  url =		 {http://www.jstatsoft.org/v25/i05}
}

@Article{Rnews:Feinerer:2008,
  author =	 {Ingo Feinerer},
  title =	 {An Introduction to Text Mining in {R}},
  journal =	 {R News},
  year =	 2008,
  volume =	 8,
  number =	 2,
  pages =	 {19--22},
  month =	 oct,
  url =		 {http://CRAN.R-project.org/doc/Rnews/},
  pdf =
                  {http://CRAN.R-project.org/doc/Rnews/Rnews_2008-2.pdf}
}
